<record xmlns:xsi="http://www.w3.org/2001/XMLSchema-instance" xmlns="http://www.loc.gov/MARC21/slim" xsi:schemaLocation="http://www.loc.gov/MARC21/slim http://www.loc.gov/standards/marcxml/schema/MARC21slim.xsd">

  <leader>00786nam a22001937a 4500</leader>
  <controlfield tag="008">160129b2015    cr ||||| |||| 00| | spa d</controlfield>
  <datafield ind2=" " tag="020" ind1=" ">
    <subfield code="a">9789968989596</subfield>
  </datafield>
  <datafield ind1=" " tag="090" ind2=" ">
    <subfield code="a">05.03.01</subfield>
    <subfield code="b">2295</subfield>
  </datafield>
  <datafield ind2=" " tag="100" ind1="1">
    <subfield code="9">1389</subfield>
    <subfield code="a">Sauma, Pablo</subfield>
  </datafield>
  <datafield ind1="1" tag="245" ind2="0">
    <subfield code="a">Presentación del  proyecto e índice de desarrollo humano /</subfield>
    <subfield code="c">Pablo Sauma</subfield>
  </datafield>
  <datafield tag="260" ind2=" " ind1=" ">
    <subfield code="a">San José, Costa Rica :</subfield>
    <subfield code="b"> Universidad de Costa Rica. Observatorio del Desarrollo,</subfield>
    <subfield code="c">2015</subfield>
  </datafield>
  <datafield ind1=" " ind2=" " tag="300">
    <subfield code="a">14  páginas</subfield>
  </datafield>
  <datafield ind1=" " ind2=" " tag="490">
    <subfield code="a">Serie Indicadores Internacionales de Desarrollo,</subfield>
    <subfield code="v">1</subfield>
  </datafield>
  <datafield ind1=" " ind2=" " tag="500">
    <subfield code="a">Proyecto de investigación "Indicadores internacionales de desarrollo: seguimiento e interpretación para Costa Rica"</subfield>
  </datafield>
  <datafield ind1="1" tag="650" ind2="0">
    <subfield code="9">77</subfield>
    <subfield code="a">DESARROLLO HUMANO</subfield>
  </datafield>
  <datafield tag="650" ind2="0" ind1="1">
    <subfield code="9">445</subfield>
    <subfield code="a">DESARROLLO ECONÓMICO Y SOCIAL</subfield>
  </datafield>
  <datafield ind1="1" tag="650" ind2="0">
    <subfield code="9">265</subfield>
    <subfield code="a">INDICADORES DE DESARROLLO</subfield>
  </datafield>
  <datafield ind2=" " tag="942" ind1=" ">
    <subfield code="2">z</subfield>
    <subfield code="c">01</subfield>
  </datafield>
  <datafield ind2=" " tag="999" ind1=" ">
    <subfield code="c">3059</subfield>
    <subfield code="d">3059</subfield>
  </datafield>
</record>